@book{vladuz,
    author = "С.~Г.~Влэдуц, Д.~Ю.~Ногин, М.~А.~Цфасман",
    title = "Алгеброгеометрические коды. Основные понятия",
    year = "2003",
    publisher = "Издательство Московского центра непрерывного образования"
}

@article{goppa82,
    author = "В.~Д.~Гоппа",
    title = "Алгебраико-геометрические коды",
    year = "1982",
    journal = "Изв. АН СССР. Сер. матем.",
    volume = "46",
    number = "4",
    pages = "762--781"
}

@article{goppa77,
    author = "В.~Д.~Гоппа",
    title = "Коды, ассоциированные с~дивизорами",
    year = "1977",
    journal = "Пробл. передачи информ.",
    volume = "13",
    number = "1",
    pages = "33--39"
}

@article{chen07,
    author = "Chen Hao",
    title = "Algebraic geometric codes with applications",
    year = "2007",
    journal = "Frontiers of Mathematics in China",
    volume = "2",
    number = "1",
    pages = "1--11"
}

@article{tsfasman82,
    author = "М.~А.~Цфасман",
    title = "Коды Гоппы, лежащие выше границы Варшамова--Гилберта",
    year = "1982",
    journal = "Пробл. передачи информ.",
    volume = "18",
    number = "3",
    pages = "3--6"
}

@article{barg87,
    author = "А.~М.~Барг, Г.~Л.~Кацман, М.~А.~Цфасман",
    title = "Алгеброгеометрические коды по кривым малых родов",
    year = "1987",
    journal = "Пробл. передачи информ.",
    volume = "23",
    number = "1",
    pages = "42--46"
}

@misc{cheng,
    author = "Qi Cheng",
    title = "Hard Problems of Algebraic Geometry Codes"
}

@inproceedings{276753,
    author = {Shokrollahi, M. Amin and Wasserman, Hal},
    title = {Decoding algebraic-geometric codes beyond the error-correction bound},
    booktitle = {STOC '98: Proceedings of the thirtieth annual ACM symposium on Theory of computing},
    year = {1998},
    isbn = {0-89791-962-9},
    pages = {241--248},
    location = {Dallas, Texas, United States},
    doi = {http://doi.acm.org/10.1145/276698.276753},
    publisher = {ACM},
    address = {New York, NY, USA},
}

@mastersthesis{Zhuo06,
    author = "Zhuo Jia Dai",
    title = "Algebraic Geometric Coding Theory",
    school = "School of Mathematics and Statistics, University of Sydney, Australia",
    year = "2006"
}

@book{goppa02,
    author = "V.~D.~Goppa",
    editor = "M.~Hazewinkel",
    title = "Geometry and Codes",
    publisher = "Springer-Verlag",
    year = "2002",
    address = "New York"
}

@book{Goldschmidt02,
    author = "D.~M.~Goldschmidt",
    title = "Algebraic functions and projective curves",
    publisher = "Springer",
    year = "2002",
}

@book{rostovcev,
    author = "А. Г. Ростовцев, Е. Б. Маковенко",
    title = "Теоретическая криптография",
    publisher = "АНО НПО <<Професионал>>",
    year = "2004"
}

@book{coblitz,
    author = "N.~Coblitz",
    title = "Algebraic Aspects of Cryptography",
    publisher = "Springer",
    year = "2002",
}

@article{DBLP:journals/tit/Pellikaan89,
  author    = {Ruud Pellikaan},
  title     = {On a decoding algorithm for codes on maximal curves},
  journal   = {IEEE Transactions on Information Theory},
  volume    = {35},
  number    = {6},
  year      = {1989},
  pages     = {1228-1232},
  bibsource = {DBLP, http://dblp.uni-trier.de}
}

@article{DBLP:journals/tit/PorterSP92,
  author    = {S. C. Porter and
               Ba-Zhong Shen and
               Ruud Pellikaan},
  title     = {Decoding geometric Goppa codes using an extra place},
  journal   = {IEEE Transactions on Information Theory},
  volume    = {38},
  number    = {6},
  year      = {1992},
  pages     = {1663-1676},
  bibsource = {DBLP, http://dblp.uni-trier.de}
}

@article{DBLP:journals/tit/HoholdtP95,
  author    = {Tom H{\o}holdt and
               Ruud Pellikaan},
  title     = {On the decoding of algebraic-geometric codes},
  journal   = {IEEE Transactions on Information Theory},
  volume    = {41},
  number    = {6},
  year      = {1995},
  pages     = {1589-1614},
  bibsource = {DBLP, http://dblp.uni-trier.de}
}

@article{DBLP:journals/tit/SakataJMJH95,
  author    = {Shojiro Sakata and
               J{\o}rn Justesen and
               Y. Madelung and
               Helge Elbr{\o}nd Jensen and
               Tom H{\o}holdt},
  title     = {Fast decoding of algebraic-geometric codes up to the designed
               minimum distance},
  journal   = {IEEE Transactions on Information Theory},
  volume    = {41},
  number    = {6},
  year      = {1995},
  pages     = {1672-1677},
  bibsource = {DBLP, http://dblp.uni-trier.de}
}

@article{DBLP:journals/tit/Duursma93,
  author    = {Iwan M. Duursma},
  title     = {Majority coset decoding},
  journal   = {IEEE Transactions on Information Theory},
  volume    = {39},
  number    = {3},
  year      = {1993},
  pages     = {1067-},
  bibsource = {DBLP, http://dblp.uni-trier.de}
}

@article{DBLP:journals/tit/FengR93,
  author    = {Gui Liang Feng and
               Thammavarapu R. N. Rao},
  title     = {Decoding algebraic-geometric codes up to the designed minimum
               distance},
  journal   = {IEEE Transactions on Information Theory},
  volume    = {39},
  number    = {1},
  year      = {1993},
  pages     = {37-45},
  bibsource = {DBLP, http://dblp.uni-trier.de}
}

@MastersThesis{BNA,
  author =   {P. Wocjan},
  title =    {The Brill--Noether Algorithm: Construction of Geometric Goppa Codes and Absolute Factorization},
  school =   {University of Kalsruhe},
  year =     {1999},
  OPTkey =   {},
  OPTtype =      {},
  OPTaddress =   {},
  OPTmonth =     {},
  Url =      {http://www.cs.caltech.edu/~wocjan/},
  OPTannote =    {}
}

@article{DBLP:journals/jsc/Hess02,
  author    = {Florian Hess},
  title     = {Computing Riemann-Roch Spaces in Algebraic Function Fields
               and Related Topics},
  journal   = {J. Symb. Comput.},
  volume    = {33},
  number    = {4},
  year      = {2002},
  pages     = {425-445},
  ee        = {http://dx.doi.org/10.1006/jsco.2001.0513},
  bibsource = {DBLP, http://dblp.uni-trier.de}
}

@MastersThesis{AGA,
  author =   {Harald Deischinger},
  title =    {Algebraic Geometric Codes},
  school =   {Johannes Kepler Universität},
  year =     {1999},
}

@article{fr_bn,
    author = "D. Le Brigand, J.J. Risler",
    title = "Algorithme de Brill-Noether et codes de Goppa",
    year = "1988",
    journal = "Bulletin de la Société Mathématique de France",
    volume = "116",
    number = "2",
    pages = "231--253"
}

@book{hoholdt,
    author = "Tom H{\o}holdt, Jacobus H. van Lint and Ruud Pellikaan",
    title = "Handbook of Coding Theory",
    publisher = "Elsevier",
    pages = "871--961",
    year = "1998",
    address = "Amsterdam"
}
